@misc{springinit,
  author = {Pivotal Web Services},
  title = {Spring Initializr},
  howpublished={\url{start.spring.io}}
},

@misc{createreactapp,
  author = {Facebook},
  title = {create-react-app},
  howpublished={\url{github.com/facebook/create-react-app}}
},

@misc{canvasjs,
  author = {fenopix},
  title = {CanvasJS},
  howpublished={\url{canvasjs.com}}
}

